<marc:record xmlns:marc="http://www.loc.gov/MARC21/slim" xmlns:xsi="http://www.w3.org/2001/XMLSchema-instance" xsi:schemaLocation="http://www.loc.gov/MARC21/slim http://www.loc.gov/standards/marcxml/schema/MARC21slim.xsd">
  <marc:leader>     nam a2200205   45M</marc:leader>
  <marc:controlfield tag="001">002823564</marc:controlfield>
  <marc:controlfield tag="003">NNU</marc:controlfield>
  <marc:controlfield tag="005">19940713181853.0</marc:controlfield>
  <marc:controlfield tag="008">870616s1926    ua            000 1 ara d</marc:controlfield>
  <marc:datafield tag="035" ind1="9" ind2=" ">
    <marc:subfield code="a">NYUb10531523</marc:subfield>
  </marc:datafield>
  <marc:datafield tag="035" ind1=" " ind2=" ">
    <marc:subfield code="a">(CStRLIN)NYUG87-B20038</marc:subfield>
  </marc:datafield>
  <marc:datafield tag="035" ind1=" " ind2=" ">
    <marc:subfield code="a">GLIS005315231</marc:subfield>
  </marc:datafield>
  <marc:datafield tag="040" ind1=" " ind2=" ">
    <marc:subfield code="a">NNU</marc:subfield>
    <marc:subfield code="c">NNU</marc:subfield>
  </marc:datafield>
  <marc:datafield tag="090" ind1=" " ind2=" ">
    <marc:subfield code="i">06/24/87 CT</marc:subfield>
  </marc:datafield>
  <marc:datafield tag="100" ind1="1" ind2=" ">
    <marc:subfield code="a">Abū Shādī, Aḥmad Zakī,</marc:subfield>
    <marc:subfield code="d">1892-1955.</marc:subfield>
  </marc:datafield>
  <marc:datafield tag="245" ind1="1" ind2="0">
    <marc:subfield code="a">Mahā :</marc:subfield>
    <marc:subfield code="b">qiṣṣah gharāmīyah sharqīyah /</marc:subfield>
    <marc:subfield code="c">Aḥmad Zakī Abū Shādī.</marc:subfield>
  </marc:datafield>
  <marc:datafield tag="260" ind1=" " ind2=" ">
    <marc:subfield code="a">Miṣr :</marc:subfield>
    <marc:subfield code="b">al-Maṭbaʻah al-Salafīyah,</marc:subfield>
    <marc:subfield code="c">1926.</marc:subfield>
  </marc:datafield>
  <marc:datafield tag="300" ind1=" " ind2=" ">
    <marc:subfield code="a">127 p. ;</marc:subfield>
    <marc:subfield code="c">19 cm.</marc:subfield>
  </marc:datafield>
  <marc:datafield tag="950" ind1=" " ind2=" ">
    <marc:subfield code="l">BMAIN</marc:subfield>
    <marc:subfield code="a">PJ7808.S5</marc:subfield>
    <marc:subfield code="b">M3 1926</marc:subfield>
    <marc:subfield code="i">06/24/87 C</marc:subfield>
  </marc:datafield>
  <marc:datafield tag="955" ind1=" " ind2=" ">
    <marc:subfield code="l">BMAIN</marc:subfield>
    <marc:subfield code="c">1</marc:subfield>
    <marc:subfield code="r">012425982</marc:subfield>
    <marc:subfield code="i">06/24/87 C</marc:subfield>
  </marc:datafield>
  <marc:datafield tag="998" ind1=" " ind2=" ">
    <marc:subfield code="a">06/24/87</marc:subfield>
    <marc:subfield code="t">c</marc:subfield>
    <marc:subfield code="s">9114</marc:subfield>
    <marc:subfield code="n">NNU</marc:subfield>
    <marc:subfield code="w">NYUG87B20038</marc:subfield>
    <marc:subfield code="d">06/16/87</marc:subfield>
    <marc:subfield code="c">MG</marc:subfield>
    <marc:subfield code="b">MH</marc:subfield>
    <marc:subfield code="i">870624</marc:subfield>
    <marc:subfield code="l">NYUG</marc:subfield>
  </marc:datafield>
</marc:record>
